Nikin

@article{whodepression,
    title={Depression},
    author={World Health Organization},
    year={2021},
    url={https://www.who.int/news-room/fact-sheets/detail/depression}
}

@article{frontiers:rsfc,
  title={Clinical applications of resting state functional connectivity},
  author={Fox, Michael D and Greicius, Michael},
  journal={Frontiers in systems neuroscience},
  volume={4},
  pages={19},
  year={2010},
  publisher={Frontiers}
}

@article{biswalsimultaneous,
  title={Simultaneous assessment of flow and BOLD signals in resting-state functional connectivity maps},
  author={Biswal, Bharat B and Kylen, Joel Van and Hyde, James S},
  journal={NMR in Biomedicine: An International Journal Devoted to the Development and Application of Magnetic Resonance In Vivo},
  volume={10},
  number={4-5},
  pages={165--170},
  year={1997},
  publisher={Wiley Online Library}
}

@article{diagnosticbrainimaging,
  title={Diagnostic brain imaging in psychiatry: current uses and future prospects},
  author={Farah, Martha J and Gillihan, Seth J},
  journal={AMA Journal of Ethics},
  volume={14},
  number={6},
  pages={464--471},
  year={2012},
  publisher={American Medical Association}
}

@article{nobiochemicalbasis,
  title={Laboratory testing and imaging studies in psychiatry},
  author={Kim, H Florence and Schulz, Paul E and Wilde, Elisabeth A and Yudofsky, Stuart C},
  journal={The American Psychiatric Publishing Textbook of Psychiatry. 5th ed. Arlington, VA: American Psychiatric Publishing},
  pages={19--72},
  year={2008}
}

@article{noimagingbasis,
  title={Laboratory testing and imaging studies in psychiatry},
  author={Wilde, Elisabeth A and Kim, H Florence and Schulz, Paul E and Yudofsky, Stuart C},
  journal={The American Psychiatric Publishing Textbook of Psychiatry},
  pages={89},
  year={2014},
  publisher={American Psychiatric Pub}
}

@article{externalfactorsinMDD,
  title={Do psychiatrists perform appropriate physical investigations for their patients? A review of current practices in a general psychiatric inpatient and outpatient setting},
  author={Dale, Jenny and Sorour, Eman and Milner, Gabrielle},
  journal={Journal of mental health},
  volume={17},
  number={3},
  pages={293--298},
  year={2008},
  publisher={Taylor \& Francis}
}

NAMRATA

@article{LRbrainnetwork,
  title={Brain networks connectivity in mild to moderate depression: resting state fMRI study with implications to nonpharmacological treatment},
  author={Bezmaternykh, Dmitry D and Melnikov, Mikhail Ye and Savelov, Andrey A and Kozlova, Lyudmila I and Petrovskiy, Evgeniy D and Natarova, Kira A and Shtark, Mark B},
  journal={Neural Plasticity},
  volume={2021},
  year={2021},
  publisher={Hindawi}
}

@article{model,
  title={Frontal EEG asymmetry of mood: A mini-review},
  author={Palmiero, Massimiliano and Piccardi, Laura},
  journal={Frontiers in Behavioral Neuroscience},
  volume={11},
  pages={224},
  year={2017},
  publisher={Frontiers}
}

Nilima

@article{learning,
  title={Performance on a virtual reality spatial memory navigation task in depressed patients},
  author={Gould, Neda F and Holmes, M Kathleen and Fantie, Bryan D and Luckenbaugh, David A and Pine, Daniel S and Gould, Todd D and Burgess, Neil and Manji, Husseini K and Zarate Jr,, MD, Carlos A},
  journal={American Journal of Psychiatry},
  volume={164},
  number={3},
  pages={516--519},
  year={2007},
  publisher={Am Psychiatric Assoc}
}

@article{stress,
  title={The social environment and depression: The roles of life stress.},
  author={Monroe, Scott M and Slavich, George M and Georgiades, Katholiki},
  year={2014},
  publisher={The Guilford Press}
}

@article{cortisol,
  title={The role of the hippocampus in feedback regulation of the hypothalamic-pituitary-adrenocortical axis},
  author={Jacobson, Lauren and Sapolsky, Robert},
  journal={Endocrine reviews},
  volume={12},
  number={2},
  pages={118--134},
  year={1991},
  publisher={Oxford University Press}
}

@article{controlsubject,
  title={Hippocampal granule neuron number and dentate gyrus volume in antidepressant-treated and untreated major depression},
  author={Boldrini, Maura and Santiago, Adrienne N and Hen, Ren{\'e} and Dwork, Andrew J and Rosoklija, Gorazd B and Tamir, Hadassah and Arango, Victoria and Mann, J John},
  journal={Neuropsychopharmacology},
  volume={38},
  number={6},
  pages={1068--1077},
  year={2013},
  publisher={Nature Publishing Group}
}

@article{disruptedMDD,
  title={Working Memory Training Effects on White Matter Integrity in Young and Older Adults},
  author={Dziemian, Sabine and Appenzeller, Sarah and Von Bastian, Claudia C and J{\"a}ncke, Lutz and Langer, Nicolas},
  journal={Frontiers in human neuroscience},
  volume={15},
  year={2021},
  publisher={Frontiers Media SA}
}

@article{emotion,
  title={Understanding the neurobiology of emotion perception: implications for psychiatry},
  author={Phillips, Mary L},
  journal={The British Journal of Psychiatry},
  volume={182},
  number={3},
  pages={190--192},
  year={2003},
  publisher={Cambridge University Press}
}

@article{memory,
  title={The medial temporal lobe and recognition memory},
  author={Eichenbaum, Howard and Yonelinas, Andrew P and Ranganath, Charan},
  journal={Annu. Rev. Neurosci.},
  volume={30},
  pages={123--152},
  year={2007},
  publisher={Annual Reviews}
}

@article{pengetal,
  title={Altered functional connectivity networks of hippocampal subregions in remitted late-onset depression: a longitudinal resting-state study},
  author={Wang, Zan and Yuan, Yonggui and Bai, Feng and Shu, Hao and You, Jiayong and Li, Lingjiang and Zhang, Zhijun},
  journal={Neuroscience bulletin},
  volume={31},
  number={1},
  pages={13--21},
  year={2015},
  publisher={Springer}
}

@article{prefrontal,
  title={Disrupted structural and functional connectivity in prefrontal-hippocampus circuitry in first-episode medication-naive adolescent depression},
  author={Geng, Haiyang and Wu, Feng and Kong, Lingtao and Tang, Yanqing and Zhou, Qian and Chang, Miao and Zhou, Yifang and Jiang, Xiaowei and Li, Songbai and Wang, Fei},
  journal={PloS one},
  volume={11},
  number={2},
  pages={e0148345},
  year={2016},
  publisher={Public Library of Science San Francisco, CA USA}
}

@article{cerebellum,
  title={Disrupted resting-state functional connectivity of the hippocampus in medication-naive patients with major depressive disorder},
  author={Cao, Xiaohua and Liu, Zhifen and Xu, Cheng and Li, Jianying and Gao, Qiang and Sun, Ning and Xu, Yong and Ren, Yan and Yang, Chunxia and Zhang, Kerang},
  journal={Journal of affective disorders},
  volume={141},
  number={2-3},
  pages={194--203},
  year={2012},
  publisher={Elsevier}
}

@article{rightinsula,
  title={Abnormal resting-state functional connectivity of hippocampal subfields in patients with major depressive disorder},
  author={Hao, Zi Yu and Zhong, Yuan and Ma, Zi Juan and Xu, Hua Zhen and Kong, Jing Ya and Wu, Zhou and Wu, Yun and Li, Jian and Lu, Xin and Zhang, Ning and others},
  journal={BMC psychiatry},
  volume={20},
  number={1},
  pages={1--11},
  year={2020},
  publisher={Springer}
}

@article{homogeneity,
  title={Changes of functional brain networks in major depressive disorder: a graph theoretical analysis of resting-state fMRI},
  author={Ye, Ming and Yang, Tianliang and Qing, Peng and Lei, Xu and Qiu, Jiang and Liu, Guangyuan},
  journal={PloS one},
  volume={10},
  number={9},
  pages={e0133775},
  year={2015},
  publisher={Public Library of Science San Francisco, CA USA}
}

@article{hippocampal,
  title={Relating hippocampal circuitry to function: recall of memory sequences by reciprocal dentate--CA3 interactions},
  author={Lisman, John E},
  journal={Neuron},
  volume={22},
  number={2},
  pages={233--242},
  year={1999},
  publisher={Elsevier}
}

SUHANA

@misc{dataset,
author={ },
title={SRPBS Multidisorder MRI Dataset},
year={2021},
howpublished={https://bicr-resource.atr.jp/srpbsopen/}}
}

Shashwot

@article{wikibrainnetworks,
   author={Wikipedia contributors},
   title={Large-scale Brain Networks},
   year={2021},
   url={https://en.wikipedia.org/w/index.php?title=Large-scale_brain_network&oldid=1030157807},
   note={Online; accessed 1-July-2021}
 }


@article{zhuo2019rise,
  title={The rise and fall of MRI studies in major depressive disorder},
  author={Zhuo, Chuanjun and Li, Gongying and Lin, Xiaodong and Jiang, Deguo and Xu, Yong and Tian, Hongjun and Wang, Wenqiang and Song, Xueqin},
  journal={Translational psychiatry},
  volume={9},
  number={1},
  pages={1--14},
  year={2019},
  publisher={Nature Publishing Group}
}

SNEHA

@article{neuroimaging,
    author = "{Wikipedia contributors}",
    title = "Neuroimaging --- {Wikipedia}{,} The Free Encyclopedia",
    year = "2021",
    howpublished = "\url{https://en.wikipedia.org/w/index.php?title=Neuroimaging&oldid=1030479767}",
    note = "[Online; accessed 4-July-2021]"
  }

@misc{fMRI,
    author = "{Wikipedia contributors}",
    title = "Functional magnetic resonance imaging --- {Wikipedia}{,} The Free Encyclopedia",
    year = "2021",
    howpublished = "\url{https://en.wikipedia.org/w/index.php?title=Functional_magnetic_resonance_imaging&oldid=1022824965}",
    note = "[Online; accessed 4-July-2021]"
}

@article{effectMDD,
title={MDD on hippocampus 1},
author={Sarah Wilson},
URL={https://www.healthline.com/health/depression-physical-effects-on-the-brain},
year={2018},
}

@article{effectMDD3,
  title={The hippocampus, neurotrophic factors and depression 3},
  author={Masi, Gabriele and Brovedani, Paola},
  journal={CNS drugs},
  volume={25},
  number={11},
  pages={913--931},
  year={2011},
  publisher={Springer}
}

Lucky

@article{resting,
  title={Resting-state functional connectivity in psychiatric disorders},
  author={Woodward, Neil D and Cascio, Carissa J},
  journal={JAMA psychiatry},
  volume={72},
  number={8},
  pages={743--744},
  year={2015},
  publisher={American Medical Association}
}

@article{correlation,
  title={Neuroimaging correlates of depressionâ€”implications to clinical practice},
  author={Castanheira, L{\'\i}gia and Silva, Carlos and Cheniaux, Elie and Telles-Correia, Diogo},
  journal={Frontiers in psychiatry},
  volume={10},
  pages={703},
  year={2019},
  publisher={Frontiers}
}

@article{rise,
  title={The rise and fall of MRI studies in major depressive disorder},
  author={Zhuo, Chuanjun and Li, Gongying and Lin, Xiaodong and Jiang, Deguo and Xu, Yong and Tian, Hongjun and Wang, Wenqiang and Song, Xueqin},
  journal={Translational psychiatry},
  volume={9},
  number={1},
  pages={1--14},
  year={2019},
  publisher={Nature Publishing Group}
}
